@article{att,
  author       = {Ashish Vaswani and
                  Noam Shazeer and
                  Niki Parmar and
                  Jakob Uszkoreit and
                  Llion Jones and
                  Aidan N. Gomez and
                  Lukasz Kaiser and
                  Illia Polosukhin},
  title        = {Attention Is All You Need},
  journal      = {CoRR},
  volume       = {abs/1706.03762},
  year         = {2017},
  url          = {http://arxiv.org/abs/1706.03762},
  eprinttype    = {arXiv},
  eprint       = {1706.03762},
  timestamp    = {Sat, 23 Jan 2021 01:20:40 +0100},
  biburl       = {https://dblp.org/rec/journals/corr/VaswaniSPUJGKP17.bib},
  bibsource    = {dblp computer science bibliography, https://dblp.org}
}
@article{radford2018improving,
  added-at = {2020-07-14T16:37:42.000+0200},
  author = {Radford, Alec and Narasimhan, Karthik and Salimans, Tim and Sutskever, Ilya},
  biburl = {https://www.bibsonomy.org/bibtex/273ced32c0d4588eb95b6986dc2c8147c/jonaskaiser},
  interhash = {5c343ed9a31ac52fd17a898f72af228f},
  intrahash = {73ced32c0d4588eb95b6986dc2c8147c},
  keywords = {final thema:transformer},
  timestamp = {2020-07-14T16:49:42.000+0200},
  title = {Improving language understanding by generative pre-training},
  year = 2018
}

@misc{szegedy2014intriguing,
      title={Intriguing properties of neural networks}, 
      author={Christian Szegedy and Wojciech Zaremba and Ilya Sutskever and Joan Bruna and Dumitru Erhan and Ian Goodfellow and Rob Fergus},
      year={2014},
      eprint={1312.6199},
      archivePrefix={arXiv},
      primaryClass={cs.CV}
}

@misc{dosovitskiy2021image,
      title={An Image is Worth 16x16 Words: Transformers for Image Recognition at Scale}, 
      author={Alexey Dosovitskiy and Lucas Beyer and Alexander Kolesnikov and Dirk Weissenborn and Xiaohua Zhai and Thomas Unterthiner and Mostafa Dehghani and Matthias Minderer and Georg Heigold and Sylvain Gelly and Jakob Uszkoreit and Neil Houlsby},
      year={2021},
      eprint={2010.11929},
      archivePrefix={arXiv},
      primaryClass={cs.CV}
}

@misc{salman2024intriguing,
      title={Intriguing Equivalence Structures of the Embedding Space of Vision Transformers}, 
      author={Shaeke Salman and Md Montasir Bin Shams and Xiuwen Liu},
      year={2024},
      eprint={2401.15568},
      archivePrefix={arXiv},
      primaryClass={cs.CV}
}

@misc{geshkovski2024mathematical,
      title={A mathematical perspective on Transformers}, 
      author={Borjan Geshkovski and Cyril Letrouit and Yury Polyanskiy and Philippe Rigollet},
      year={2024},
      eprint={2312.10794},
      archivePrefix={arXiv},
      primaryClass={cs.LG}
}

@misc{naseer2021intriguing,
      title={Intriguing Properties of Vision Transformers}, 
      author={Muzammal Naseer and Kanchana Ranasinghe and Salman Khan and Munawar Hayat and Fahad Shahbaz Khan and Ming-Hsuan Yang},
      year={2021},
      eprint={2105.10497},
      archivePrefix={arXiv},
      primaryClass={cs.CV}
}
@misc{zhou2022understanding,
      title={Understanding The Robustness in Vision Transformers}, 
      author={Daquan Zhou and Zhiding Yu and Enze Xie and Chaowei Xiao and Anima Anandkumar and Jiashi Feng and Jose M. Alvarez},
      year={2022},
      eprint={2204.12451},
      archivePrefix={arXiv},
      primaryClass={cs.CV}
}