@misc {hf_canonical_model_maintainers_2022,
	author       = { {HF Canonical Model Maintainers} },
	title        = { gpt2 (Revision 909a290) },
	year         = 2022,
	url          = { https://huggingface.co/gpt2 },
	doi          = { 10.57967/hf/0039 },
	publisher    = { Hugging Face }
}