@book{Goodfellow-et-al-2016,
    title={Deep Learning},
    author={Ian Goodfellow and Yoshua Bengio and Aaron Courville},
    publisher={MIT Press},
    note={\url{http://www.deeplearningbook.org}},
    year={2016}
}

@book{automl,
    editor = {Hutter, Frank and Kotthoff, Lars and Vanschoren, Joaquin},
    publisher = {Springer},
    title = {Automatic Machine Learning: Methods, Systems, Challenges},
    year = {2019}
}

@inproceedings{elsken_neural_2019,
    author = {Elsken, Thomas and Metzen, Jan Hendrik and Hutter, Frank},
    title = {Neural Architecture Search},
    pages = {69-86},
    chapter = {3},
    crossref = {automl}
}

@inbook{convnet_original,
author = {Cun, Y. Le and Boser, B. and Denker, J. S. and Howard, R. E. and Habbard, W. and Jackel, L. D. and Henderson, D.},
title = {Handwritten digit recognition with a back-propagation network},
year = {1990},
isbn = {1558601007},
publisher = {Morgan Kaufmann Publishers Inc.},
address = {San Francisco, CA, USA},
booktitle = {Advances in Neural Information Processing Systems 2},
pages = {396â€“404},
numpages = {9}
}

@incollection{pytorch,
title = {PyTorch: An Imperative Style, High-Performance Deep Learning Library},
author = {Paszke, Adam and Gross, Sam and Massa, Francisco and Lerer, Adam and Bradbury, James and Chanan, Gregory and Killeen, Trevor and Lin, Zeming and Gimelshein, Natalia and Antiga, Luca and Desmaison, Alban and Kopf, Andreas and Yang, Edward and DeVito, Zachary and Raison, Martin and Tejani, Alykhan and Chilamkurthy, Sasank and Steiner, Benoit and Fang, Lu and Bai, Junjie and Chintala, Soumith},
booktitle = {Advances in Neural Information Processing Systems 32},
pages = {8024--8035},
year = {2019},
publisher = {Curran Associates, Inc.},
url = {http://papers.neurips.cc/paper/9015-pytorch-an-imperative-style-high-performance-deep-learning-library.pdf}
}

@article{Hosny2017,
    title = {Priming Neural Networks with an Appropriate Initializer},
    author = {Hosny, Ahmed},
    year = {2017},
    journal = {Becoming Human: Artificial Intelligence Magazine},
    url = {https://becominghuman.ai/priming-neural-networks-with-an-appropriate-initializer-7b163990ead},
    note = {Accessed: 03/02/2024}
}